<?xml version="1.0" encoding="UTF-8"?><collection xmlns="http://www.loc.gov/MARC21/slim"><record><leader>00381nam--2200121-i-4500</leader><controlfield tag="001">000005811</controlfield><controlfield tag="002">20161230</controlfield><controlfield tag="005">20161230201026</controlfield><controlfield tag="008">060222s1000------------r-----000-0-eng-d</controlfield><datafield ind1=" " ind2=" " tag="100"><subfield code="a">Bellicard J., Barreau P</subfield></datafield><datafield ind1=" " ind2=" " tag="245"><subfield code="a">Etude des nuveaux de vibration des isotopes du fer par diffusion inelastique d electrons de 150 mev</subfield></datafield><datafield ind1=" " ind2=" " tag="260"><subfield code="a">/Saclay, C.E.N., 1962/. 18 P. + 9 Fig</subfield></datafield><datafield ind1=" " ind2=" " tag="852"><subfield code="a">17216</subfield></datafield></record></collection>